@InProceedings{CRSHG,
author = {C. Reynaud Safar and H Gagliardi.},
title = {une expérience de représentation d'une ontologie dans le médiateur picsel.},
booktitle = { IC 2001},
pages = {329 - 348},
year = {2001},
}


@Misc{W3C,
author = {W3C},
title = {Simple object access protocol (soap).},
year = {2000},
note = {http ://www.w3.org/TR/SOAP, 2000},
}

@InProceedings{livre,
author = {A. Ankolenkar, F. hutch,and K. Sycara.},
title = {concurrents semantics for the web services specification language daml-s.},
booktitle = {the fifth international conference on coordination models and language},
year = {2002},
}


