@phdthesis{leon:tel-01138912,
  TITLE = {La construction des Business Models des fournisseurs de services d'infrastructure Cloud Computing (IaaS)},
  AUTHOR = {Leon, Franck},
  URL = {https://tel.archives-ouvertes.fr/tel-01138912},
  NUMBER = {2015NICE0006},
  SCHOOL = {Universit{\'e} Nice Sophia Antipolis},
  YEAR = {2015},
  MONTH = Mar,
  KEYWORDS = {Value ; Business Model ; Capture de valeur ; Cloud computing ; IaaS},
  TYPE = {Theses},
  PDF = {https://tel.archives-ouvertes.fr/tel-01138912/file/2015NICE0006.pdf},
  HAL_ID = {tel-01138912},
  HAL_VERSION = {v1},
} 

@Article{CCTH,
  TITLE = {Cloud computing is a trap, warns GNU founder Richard Stallman},
  AUTHOR = {Bobbie Johnson},
  URL = {https://www.theguardian.com/technology/2008/sep/29/cloud.computing.richard.stallman},
  JOURNAL = {The Guardian},
  PUBLISHER = {The Guardian},
  YEAR = {2008},
  MONTH = {September},
}


@PhdThesis{barkat2018composition,
author = {Barkat, Abdelbasset},
title = {Composition de service web dans le cloud computing},
school = {Universit{\'e} Mohamed KHIDER-BISKRA},
year = {2018},
key = {Web service,Cloud computing,Service composition, Intelligent water drops},
type = {Theses},
}


@MastersThesis{chaoui2016entreprise,
author = {Chaoui, Houssem Eddine and Terbak, Mofdi Zakaria},
title = {L'entreprise et le cloud computing},
school = {Universit{'e} Oum El Bouaghi},
year = {2016},
}

@Misc{WikiHistoire,
author = {Wikip√©dia},
title = {Cloud Computing},
year = {2021},
URL = {https://fr.wikipedia.org/wiki/Cloud_computing_Histoire},
}







